<?xml version="1.0" encoding="UTF-8"?><record xmlns="http://www.loc.gov/MARC21/slim" xmlns:cinclude="http://apache.org/cocoon/include/1.0" xmlns:zs="http://www.loc.gov/zing/srw/">
  <leader>00566cz  a2200181n  4500</leader>
  <controlfield tag="001">no2006114768</controlfield>
  <controlfield tag="003">DLC</controlfield>
  <controlfield tag="005">20090403080425.0</controlfield>
  <controlfield tag="008">061027n| acannaabn          |a ana     c</controlfield>
  <datafield tag="010" ind1=" " ind2=" ">
    <subfield code="a">no2006114768</subfield>
  </datafield>
  <datafield tag="035" ind1=" " ind2=" ">
    <subfield code="a">(OCoLC)oca07091526</subfield>
  </datafield>
  <datafield tag="040" ind1=" " ind2=" ">
    <subfield code="a">MnMpUMNX</subfield>
    <subfield code="b">eng</subfield>
    <subfield code="c">MnMpUMNX</subfield>
    <subfield code="d">OCoLC</subfield>
  </datafield>
  <datafield tag="043" ind1=" " ind2=" ">
    <subfield code="a">e-fi---</subfield>
  </datafield>
  <datafield tag="151" ind1=" " ind2=" ">
    <subfield code="a">Föglö (Finland)</subfield>
  </datafield>
  <datafield tag="451" ind1=" " ind2=" ">
    <subfield code="a">Fögleö (Finland)</subfield>
  </datafield>
  <datafield tag="670" ind1=" " ind2=" ">
    <subfield code="a">Eriksson, N.  FUIA-historik, 1998?</subfield>
    <subfield code="b">p. 1 (Föglö)</subfield>
  </datafield>
  <datafield tag="670" ind1=" " ind2=" ">
    <subfield code="a">GEOnet, 2006 Oct 27</subfield>
    <subfield code="b">(Föglö; PPL; 60°01ʹ00ʺN 020°25ʹ00ʺE; variant: Fögleö)</subfield>
  </datafield>
  <datafield tag="781" ind1=" " ind2="0">
    <subfield code="z">Finland</subfield>
    <subfield code="z">Föglö</subfield>
  </datafield>
</record>